<record><leader>00000cas a22000007a 4500</leader><controlfield tag="001">18027854</controlfield><controlfield tag="008">880601d185u18uupaucr ne      0    0eng d</controlfield><datafield ind1=" " ind2=" " tag="010"><subfield code="a">sn 88079326 </subfield></datafield><datafield ind1=" " ind2=" " tag="040"><subfield code="a">NPH</subfield><subfield code="b">eng</subfield><subfield code="c">NPH</subfield><subfield code="d">OCLCQ</subfield></datafield><datafield ind1=" " ind2=" " tag="042"><subfield code="a">msc</subfield></datafield><datafield ind1="0" ind2="4" tag="245"><subfield code="a">The Semi-weekly spirit of the age.</subfield></datafield><datafield ind1=" " ind2=" " tag="260"><subfield code="a">Meadville, Crawford Co., Pa. :</subfield><subfield code="b">Harpur Mi[t]chell</subfield></datafield><datafield ind1=" " ind2=" " tag="300"><subfield code="a">v. ;</subfield><subfield code="c">47 cm.</subfield></datafield><datafield ind1=" " ind2=" " tag="310"><subfield code="a">Semiweekly</subfield></datafield><datafield ind1=" " ind2=" " tag="588"><subfield code="a">Description based on: Vol. 5, no. 77 (Dec. 3, 1858).</subfield></datafield><datafield ind1=" " ind2=" " tag="752"><subfield code="a">United States</subfield><subfield code="b">Pennsylvania</subfield><subfield code="c">Crawford</subfield><subfield code="d">Meadville.</subfield></datafield><datafield ind1="0" ind2=" " tag="775"><subfield code="t">Spirit of the age (Meadville, Pa.)</subfield><subfield code="w">(DLC)sn 84026003</subfield></datafield></record>